<record><leader>03847pam a2200469 i 4500</leader><controlfield tag="001">6803517</controlfield><controlfield tag="003">OCoLC</controlfield><controlfield tag="005">20150122091024.0</controlfield><controlfield tag="008">140513s2015    nyu      b    001 0 eng  </controlfield><datafield ind1=" " ind2=" " tag="010"><subfield code="a">  2014007666</subfield></datafield><datafield ind1=" " ind2=" " tag="015"><subfield code="a">GBB4D3628</subfield><subfield code="2">bnb</subfield></datafield><datafield ind1="7" ind2=" " tag="016"><subfield code="a">016954802</subfield><subfield code="2">Uk</subfield></datafield><datafield ind1=" " ind2=" " tag="020"><subfield code="a">9781138023215 (hardback)</subfield></datafield><datafield ind1=" " ind2=" " tag="020"><subfield code="a">1138023213 (hardback)</subfield></datafield><datafield ind1=" " ind2=" " tag="020"><subfield code="a">9781138023222 (pbk)</subfield></datafield><datafield ind1=" " ind2=" " tag="020"><subfield code="a">1138023221 (pbk)</subfield></datafield><datafield ind1=" " ind2=" " tag="020"><subfield code="z">9781315776606 (ebk)</subfield></datafield><datafield ind1=" " ind2=" " tag="020"><subfield code="z">131577660X (ebk)</subfield></datafield><datafield ind1=" " ind2=" " tag="035"><subfield code="a">ocn891941435</subfield></datafield><datafield ind1=" " ind2=" " tag="040"><subfield code="a">DLC</subfield><subfield code="b">eng</subfield><subfield code="e">rda</subfield><subfield code="c">DLC</subfield><subfield code="d">YDXCP</subfield><subfield code="d">BTCTA</subfield><subfield code="d">BDX</subfield><subfield code="d">UKMGB</subfield><subfield code="d">UAB</subfield><subfield code="d">AEU</subfield></datafield><datafield ind1=" " ind2=" " tag="042"><subfield code="a">pcc</subfield></datafield><datafield ind1="0" ind2="0" tag="050"><subfield code="a">LB1027.44</subfield><subfield code="b">M643 2015</subfield></datafield><datafield ind1="0" ind2="0" tag="082"><subfield code="a">371.3/7</subfield><subfield code="2">23</subfield></datafield><datafield ind1=" " ind2=" " tag="090"><subfield code="a">LB 1027.44 M643 2015</subfield><subfield code="b">AEU</subfield></datafield><datafield ind1="1" ind2=" " tag="100"><subfield code="a">Moeller, Victor J.,</subfield><subfield code="d">1937-</subfield><subfield code="e">author.</subfield></datafield><datafield ind1="1" ind2="0" tag="245"><subfield code="a">Socratic seminars in middle school :</subfield><subfield code="b">text and films that engage students in reflective thinking and close reading /</subfield><subfield code="c">Victor J. Moeller and Marc V. Moeller.</subfield></datafield><datafield ind1=" " ind2="1" tag="264"><subfield code="a">New York ;</subfield><subfield code="a">London :</subfield><subfield code="b">Routledge, Taylor &amp; Francis Group,</subfield><subfield code="c">2015.</subfield></datafield><datafield ind1=" " ind2=" " tag="300"><subfield code="a">x, 224 pages ;</subfield><subfield code="c">26 cm.</subfield></datafield><datafield ind1=" " ind2=" " tag="336"><subfield code="a">text</subfield><subfield code="2">rdacontent</subfield></datafield><datafield ind1=" " ind2=" " tag="337"><subfield code="a">unmediated</subfield><subfield code="2">rdamedia</subfield></datafield><datafield ind1=" " ind2=" " tag="338"><subfield code="a">volume</subfield><subfield code="2">rdacarrier</subfield></datafield><datafield ind1="1" ind2=" " tag="490"><subfield code="a">Eye on education book</subfield></datafield><datafield ind1=" " ind2=" " tag="504"><subfield code="a">Includes bibliographical references (pages 222-224) and index.</subfield></datafield><datafield ind1=" " ind2=" " tag="520"><subfield code="a">"Teach students how to engage in thoughtful discussions about a text. Socratic seminars are highly effective at helping students read closely and think critically about what they've read. They also teach students how to participate in authentic discussions. This practical book from bestselling authors Victor and Marc Moeller is your go-to guide for getting started! It will help teachers who are new at Socratic seminars and provide fresh ideas to teachers who are experienced with the format. Part I provides guidelines on how to prepare students for discussion and how to form good discussion questions. Part II includes ready-to-use lesson plans organized by compelling themes to engage students. The lesson plans include unabridged literary and nonfiction reading selections from classic and contemporary authors, as well as suggested film pairings.Authors featured in this book include...William FaulknerGina BerriaultGene Siskel President ObamaRay BradburyKurt Vonnegut, Jr.Kahil GibranWilliam ShakespeareRobert FrostWilliam SaroyanCarson McCullersAnd more!"--</subfield><subfield code="c">Provided by publisher.</subfield></datafield><datafield ind1=" " ind2=" " tag="520"><subfield code="a">"Teach students how to engage in academic discussions about a text. Socratic seminars are highly effective at helping students meet the Common Core's standards for engaging in collaborative discussions. Students will learn how to... read a text closely and think critically about the ideas presented come to discussions prepared follow rules for collegial discussions pose relevant questions that build off of what other students have said create high-level questions based on the text acknowledge information that is stated by others and revise their own ideas as necessary respond thoughtfully and respectfully to diverse perspectives and more! This practical book from bestselling authors Victor and Marc Moeller is your go-to guide for getting started! It provides guidelines for teaching middle school students how to do Socratic seminars, complete lesson plans with suggested reading selections, and classroom handouts. It will help teachers who are new at Socratic seminars and provide fresh ideas to teachers who are experienced with the format"--</subfield><subfield code="c">Provided by publisher.</subfield></datafield><datafield ind1=" " ind2=" " tag="596"><subfield code="a">41</subfield></datafield><datafield ind1=" " ind2="0" tag="650"><subfield code="a">Questioning.</subfield></datafield><datafield ind1=" " ind2="0" tag="650"><subfield code="a">Literature</subfield><subfield code="x">Study and teaching (Middle school)</subfield></datafield><datafield ind1="1" ind2=" " tag="700"><subfield code="a">Moeller, Marc V.,</subfield><subfield code="d">1970-</subfield><subfield code="e">author.</subfield></datafield><datafield ind1=" " ind2="0" tag="830"><subfield code="a">Eye on education book.</subfield></datafield><datafield ind1=" " ind2=" " tag="949"><subfield code="a">LB 1027.44 M643 2015</subfield><subfield code="c">1</subfield><subfield code="h">UAED-B</subfield><subfield code="i">0162035231370</subfield></datafield><datafield ind1=" " ind2=" " tag="926"><subfield code="a">LB 1027.44 M643 2015</subfield><subfield code="w">LC</subfield><subfield code="c">1</subfield><subfield code="i">0162035231370</subfield><subfield code="d">4/29/2015</subfield><subfield code="e">4/15/2015</subfield><subfield code="l">FLOOR_2</subfield><subfield code="m">UAEDUC</subfield><subfield code="n">5</subfield><subfield code="p">$150.00</subfield><subfield code="r">Y</subfield><subfield code="s">Y</subfield><subfield code="t">BOOK</subfield><subfield code="u">2/11/2015</subfield></datafield></record>